% Encoding: UTF-8

@book{Aristoteles1994,
	Title       = {Metaf{\'i}sica},
	Author      = {Arist{\'o}teles},
	Translator  = {Calvo Martínes, Tom{\'a}s},
	Publisher   = {Gredos},
	Year        = {1994},
	Address     = {Madrid},
	ISBN        = {84-249-1666-2},
}

@incollection{Descartes2008,
	Title		= {Dedicatoria y Carta-Prefacio},
	Booktitle	= {Principios de la filosof{\'i}a},
	Author		= {Ren{\'e} Descartes},
	Editor		= {F. Larroyo},
	Publisher	= {Porr{\'u}a},
	Year		= {2008},
	Address		= {M{\'e}xico},
}

@book{Descartes2010,
	Title       = {Discurso del m{\'e}todo},
	Author      = {Ren{\'e} Descartes},
	Translator  = {M. G. Morente},
	Publisher   = {Aldevara},
	Year        = {2010},
	Address     = {Madrid},
	ISBN        = {9788492805440},
}

@book{Foucault2001,
    Title       = {La hermen{\'e}utica del sujeto},
    Author      = {Michel Foucault},
    Translator  = {Horacio Pons},
    Publisher   = {Fondo de cultura Econ{\'o}mica},
    Year        = {2001},
    Address     = {Buenos Aires},
}

@book{Foucault2009,
    Title       = {El coraje de la verdad},
    Author      = {Michel Foucault},
    Translator  = {Horacio Pons},
    Publisher   = {Fondo de cultura Econ{\'o}mica},
    Year        = {2009},
    Address     = {Buenos Aires},
}

@book{Laercio2007,
    Title       = {Vida de los Fil{\'o}sofos Ilustres},
    Author      = {Di{\'o}genes Laercio},
    Translator  = {Carlos Garc{\'i}a Gual},
    Publisher   = {Alianza editorial},
    Year        = {2007},
    Address     = {Madrid},
}

@book{Marquard2006,
	Title       = {Felicidad en la infelicidad: reflexiones filos{\'o}ficas},
	Author      = {Odo Marquard},
	Translator  = {Norberto Espinosa},
	Publisher   = {Katz},
	Year        = {2006},
	Address     = {Buenos Aires},
	ISBN        = {9871283296},
}

@book{McGrath2006,
	Title       = {A scientific theology},
	Author      = {Alister E. McGrath},
	Volume		= {1},
	Publisher   = {T \& T Clark},
	Year        = {2006},
	Address     = {Edinburgh; New York},
}

@book{Pieper1988,
	Title       = {Las virtudes fundamentales},
	Author      = {Joseph Pieper},
	Publisher   = {Grupo Editor Quinto Centenario},
	Year        = {1988},
	Address     = {Bogot{\'a}},
}

@book{Salinas1995,
	Title       = {La voz a ti debida. Razón de amor. Largo lamento},
	Author      = {Pedro Salinas},
	Publisher   = {C{\'a}tedra},
	Year        = {1995},
	Address     = {Madrid},
}

@book{Shakespeare2008,
	Title       = {Hamlet},
	Author      = {William Shakespeare},
	Editor		= {G. R. Hibbard},
	Publisher   = {Oxford University Press},
	Year        = {2008},
	Address     = {Oxford},
	ISBN        = {9780199535811},
}